@inproceedings{dronely,
	author = {Tilley, Eric and Gray, Jeff},
	title = {Dronely: A Visual Block Programming Language for the Control of Drones},
	booktitle = {Proceedings of the SouthEast Conference},
	series = {ACM SE '17},
	year = {2017},
	isbn = {978-1-4503-5024-2},
	location = {Kennesaw, GA, USA},
	pages = {208--211},
	numpages = {4},
	acmid = {3077307},
	keywords = {Autonomous Vehicles, Blocks-based Programming, Computer Science Education},
} 

@article{lego,
	author = {Herber, Paula and Kl\"{o}s, Verena},
	title = {A Multi-robot Search Using LEGO Mindstorms: An Embedded Software Design Project},
	journal = {SIGBED Rev.},
	year = {2017},
	issn = {1551-3688},
	pages = {61--70},
	numpages = {10},
	acmid = {3036694},
	publisher = {ACM},
	address = {New York, NY, USA},
	keywords = {education, embedded systems, multi-robot search},
} 

@incollection{automl,
	title = {Efficient and Robust Automated Machine Learning},
	author = {Feurer, Matthias and Klein, Aaron and Eggensperger, Katharina and Springenberg, Jost and Blum, Manuel and Hutter, Frank},
	booktitle = {Advances in Neural Information Processing Systems 28},
	pages = {2962--2970},
	year = {2015},
	publisher = {Curran Associates, Inc.},
}

@article{xai,
	title={Explainable {A}rtificial {I}ntelligence ({X}{A}{I})},
	author={Gunning, David},
	journal={Defense Advanced Research Projects Agency (DARPA)},
	year={2017}
}

@inproceedings{lime,
	author    = {Marco Tulio Ribeiro and
	Sameer Singh and
	Carlos Guestrin},
	title     = {"{W}hy Should {I} Trust You?": {E}xplaining the Predictions of Any Classifier},
	booktitle = {Proceedings of the 22nd {ACM} {SIGKDD} International Conference on
	Knowledge Discovery and Data Mining},
	pages     = {1135--1144},
	year      = {2016},
}

@inproceedings{orange,
	title={Orange: From experimental machine learning to interactive data mining},
	author={Dem{\v{s}}ar, Janez and Zupan, Bla{\v{z}} and Leban, Gregor and Curk, Tomaz},
	booktitle={European Conference on Principles of Data Mining and Knowledge Discovery},
	pages={537--539},
	year={2004},
	organization={Springer}
}

@article{pennAI,
	author    = {Randal S. Olson and
	Moshe Sipper and
	William La Cava and
	Sharon Tartarone and
	Steven Vitale and
	Weixuan Fu and
	John H. Holmes and
	Jason H. Moore},
	title     = {A System for Accessible Artificial Intelligence},
	journal   = {CoRR},
	year      = {2017},
}

@article{subcons,
	title={The {S}ub{C}ons webserver: {A} user friendly web interface for state-of-the-art subcellular localization prediction},
	author={Salvatore, Marco and Shu, Nanjiang and Elofsson, Arne},
	journal={Protein Science},
	volume={27},
	number={1},
	pages={195--201},
	year={2018},
	publisher={Wiley Online Library}
}

@INPROCEEDINGS{cyber, 
	author={C. Feng and S. Wu and N. Liu}, 
	booktitle={2017 IEEE International Conference on Intelligence and Security Informatics (ISI)}, 
	title={A user-centric machine learning framework for cyber security operations center}, 
	year={2017}, 
	pages={173-175}}

@article{Barista,
	author    = {S{\"{o}}ren Klemm and
	Aaron Scherzinger and
	Dominik Drees and
	Xiaoyi Jiang},
	title     = {Barista - a Graphical Tool for Designing and Training Deep Neural
	Networks},
	journal   = {CoRR},
	year      = {2018},
	archivePrefix = {arXiv},
	eprint    = {1802.04626},
}
